2387 3151
1069 52 1406 103 --16-··-

252 185 482 237 pugnant,
520 175 769 232 dummodo
808 192 882 222 eas
915 173 1094 234 laudes,
1137 194 1258 238 quae
1279 178 1446 240 passim
1470 168 1648 239 Lysias*
1665 182 1956 239 tribuuntur,
1976 187 2211 232 ''cumula-

253 258 573 301 tiores'statuas
590 254 721 298 Isaeo
739 254 1001 308 tribuendas
1021 271 1142 302 esse.‘
1197 256 1356 319 Atque
1372 259 1779 315 quaminec'ess‘ario
1795 259 1843 304 id
1865 259 2123 307 faciendum
2140 264 2210 316 sit,

252 334 357 377 satis
388 333 582 391 probant
609 332 708 387 ejus
736 331 988 386 orationes,
1037 347 1153 390 quae
1193 333 1453 382 etiamnunc
1489 341 1678 389 exstant.
1743 336 1861 393 Eae,
1888 338 1997 383 'sive
2031 338 2211 385 dicendi

255 425 421 467 genus,
469 409 567 452 sive
586 443 589 448 s
605 408 861 466 argumenti
899 410 1119 454 tractandi
1157 410 1381 472 rationem
1414 417 1610 468 spectas,
1649 414 2055 470 praestantissimae
2091 424 2210 458 sunt.

255 486 418 529 Oratio
446 485 495 528 in
519 484 576 529 iis
602 500 688 545 pro
717 485 933 529 varietate
959 500 1116 532 rerum
1148 493 1195 531 et
1223 486 1541 532 sententiarum
1568 488 1707 537 modo
1734 503 1887 548 pressa
1905 498 1970 535 est
1985 498 2029 534 et
2047 492 2209 544 tenuis,

252 565 407 614 modo,
434 562 512 605 ubi
534 578 610 605 res
622 562 843 619 postulat,
873 561 1055 605 incitata
1074 570 1117 605 et
1134 563 1198 607 ita
1218 548 1485 617 vehemens,
1508 570 1558 608 ut
1576 563 1730 608 omnia
1748 565 2074 624 proripiantur.
2098 566 2209 616 *Ad-

253 640 479 685 miramur
505 638 556 683 in
584 639 640 682 iis
667 638 986 693 subtilitatem,
1026 641 1348 697 sententiarum
1381 640 1750 697 pulcritudinem,
1787 656 1941 686 rerum
1962 646 2138 702 copiam
2162 652 2208 688 et

251 719 519 761 ubertatem.
579 715 723 775 Saepe
749 714 869 760 enim
898 716 946 758 in
985 716 1181 770 materia·v
1201 717 1277 761 vel
1295 716 1496 766 maxime
1524 717 1686 775 exigua
1712 726 1892 776 praeter
1915 733 2098 764 omnem
2122 736 2207 764 ex·-

251 795 573 853 spectationem
602 792 781 852 profert
808 801 977 836 tantam
1009 799 1384 850 argumentorum,
1404 794 1767 849 multitudinem,
1810 803 1863 838 ut
1889 809 2050 840 eorum
2085 797 2207 840 mole

252 871 532 915 adversarios
555 886 700 926 aeque
729 885 781 912 ac
805 870 976 924 judices
1010 870 1395 927 quasiopprimat
1425 873 2105 929 omnesquesumma'compleat
2125 873 2209 914 ad-

250 950 502 1001 miratione.
564 946 918 1002 Quibuscunque
937 946 1074 988 armis
1090 953 1263 1004 pugnat
1281 946 1529 1001 rhetorica,
1560 946 1899 1003 quibuscunque
1920 947 2088 991 artibus
2110 948 2208 991 elo-

251 1026 431 1084 quentia
452 1024 708 1067 auditorum
729 1037 957 1065 assensum
982 1030 1246 1079 extorquet,
1277 1036 1349 1064 eas
1368 1023 1709 1066 Isaeus.ad-1·em
1726 1037 1854 1066 suam
1873 1025 2205 1068 sustentandam

251 1117 408 1146 omnes
433 1100 641 1153 adhibet,
682 1099 816 1155 idque
846 1106 935 1141 tam
961 1097 1174 1153 feliciter,
1213 1107 1264 1141 ut
1292 1113 1427 1142 nemo
1454 1099 1749 1156 magisposse
1769 1098 1988 1143 videatur.
2047 1101 2206 1157 Argu-

250 1186 480 1223 mentatur
507 1176 644 1220 modo
675 1191 700 1218 e
728 1174 986 1229 contrariis,
1015 1174 1152 1219 modo
1173 1191 1197 1219 e
1219 1175 1461 1229 similibus,
1492 1175 1630 1220 modo
1647 1191 1726 1229 ea,
1757 1189 1873 1231 quae
1893 1176 2021 1231 dicit,
2050 1180 2206 1233 conje-

250 1257 386 1301 cturis
418 1264 594 1299 tantum
618 1253 839 1296 nituntur.
908 1252 1140 1309 Quidquid
1171 1252 1454 1296 adversarius
1482 1251 1682 1311 profert,
1714 1267 1948 1310 nunquam
1969 1262 2033 1297 est
2053 1255 2206 1313 impa-

249 1345 392 1386 ratus,
425 1332 535 1389 quin
554 1330 660 1373 inde
684 1330 768 1372 sibi
788 1337 908 1387 petat
929 1336 1272 1386 argumentum,
1304 1329 1440 1385 idque
1470 1337 1563 1372 tam
1594 1329 1793 1387 speciose
1824 1344 2082 1388 proponere
2111 1333 2206 1373 cal-

247 1414 331 1464 let,
373 1418 423 1453 ut
450 1406 624 1451 nemini
655 1406 709 1449 de
743 1407 837 1461 ejus
864 1406 1050 1450 veritate
1082 1421 1176 1449 non
1203 1406 1535 1465 persuadeatur.
1597 1407 1758 1464 Neque
1787 1422 1897 1457 vero
1915 1421 2018 1454 cum
2038 1407 2204 1462 adver-

247 1490 364 1532 sario
390 1487 537 1528 solum
551 1517 564 1539 ,
597 1499 731 1540 quem
762 1482 882 1525 haud
902 1497 1005 1525 raro
1029 1484 1118 1525 suis
1136 1484 1276 1541 ipsius
1294 1483 1465 1539 laqueis
1483 1490 1664 1540 captum
1682 1483 1855 1538 sibique
1875 1473 2205 1541 repugnantem

248 1562 481 1624 producit,
522 1560 802 1611 contentiose
831 1558 947 1615 agit,
984 1559 1086 1614 sed,
1129 1559 1249 1616 quod
1279 1558 1414 1611 etiam
1441 1559 1687 1617 Dionysius
1706 1547 1987 1629 observavit,
2015 1560 2064 1604 in
2083 1561 2202 1617 ipsos

246 1644 418 1701 judices
451 1637 708 1688 invehitur,
749 1649 939 1692 eosque,
988 1636 1023 1678 si
1058 1638 1309 1697 rationibus
1334 1635 1424 1678 suis
1453 1651 1548 1694 non
1582 1636 1903 1690 assentiantur,
1940 1637 2203 1681 adversariis

247 1720 355 1779 ipsis
386 1715 641 1773 injustiores
673 1714 820 1762 dicere
848 1712 995 1759 audet.
1064 1712 1297 1757 Orationis
1327 1720 1613 1770 ornamenta,
1635 1713 1792 1771 -qualia
1822 1713 2204 1772 suntin-terroga-

245 1798 415 1849 tiones,
447 1791 830 1849 comparationes,
861 1789 1229 1847 exclamationes,
1260 1788 1568 1848 metaphorae,
1596 1803 1824 1844 ascensus,
1835 1790 1927 1834 alia
1943 1791 2205 1849 hujusmodi,

246 1882 341 1920 tam
372 1877 630 1933 opportune
659 1867 867 1921 adhibet,
914 1875 966 1910 ut
996 1867 1182 1925 quisque
1209 1867 1498 1925 statimpum
1524 1881 1583 1910 ex
1609 1867 1818 1921 Isocratis
1845 1868 1953 1921 ludo
1975 1867 2203 1926 prodiisse

246 1954 507 2006 cognoscat:
536 1944 680 2003 magis
698 1944 834 1988 etiam
850 1943 897 1988 id
917 1951 1175 2005 cognoscet,
1215 1943 1302 2001 qui²
1314 1943 1563 1996 verborum
1581 1952 1847 2002 structuras,
1876 1944 2206 2005 sententiarum·

243 2040 414 2078 nexus,
454 2023 647 2066 ambitus
673 2021 994 2080 periodorum,
1033 2018 1254 2083 oratorios
1274 2022 1486 2070 transitus
1504 2020 1740 2079 diligenter
1756 2020 2129 2075 consideraverit3
2157 2030 2203 2064 at

243 2105 281 2147 si
311 2103 557 2157 verborum
589 2099 811 2155 aculeos,
832 2097 1738 2160 sententiarumhgravitatem,sonitum,
1767 2098 2069 2143 concisionem
2095 2113 2203 2155 spe·-

243 2181 447 2231 ctaverit‚
478 2192 589 2220 mox
602 2192 649 2220 se
662 2174 1325 2232 Demosthenispraeceptorem
1337 2174 1494 2218 audire
1512 2175 1742 2233 intelliget.
1773 2175 2021 2228 Nemulta,
2051 2174 2202 2217 Isaeus

244 2266 308 2302 est
337 2257 387 2299 in
419 2255 505 2297 hoc
531 2252 753 2310 judicialis
782 2250 1076 2306 eloquentiae,
1096 2264 1261 2308 genere
1285 2259 1464 2309 praeter
1484 2251 1842 2311 Demosthenem
1859 2250 2201 2311 praestantissi-

241 2349 368 2387 mus,
399 2340 444 2376 et
462 2330 725 2387 neutiquam
747 2328 905 2385 dignus
931 2342 982 2373 ea
1011 2327 1313 2390 neglectione,
1337 2341 1479 2386 :qu-am
1500 2328 1644 2389 adhuc
1665 2337 1877 2388 expertus
1892 2336 1970 2373 est.

384 2407 609 2464 Quamvis
638 2420 749 2448 vero
780 2405 927 2447 Isaeus
951 2412 1098 2446 tantus
1122 2411 1274 2467 orator
1302 2411 1437 2457 esset,
1480 2412 1629 2465 tamen
1648 2405 1900 2463 aequalium
1917 2419 2106 2459 suerum
2125 2405 2202 2448 in-

243 2488 369 2534 vidia
389 2499 540 2528 carere
564 2498 657 2526 non
676 2481 839 2541 potuit.
910 2482 1032 2523 Nam
1056 2497 1109 2524 ea
1127 2480 1224 2539 ipsa
1245 2480 1301 2524 de
1324 2496 1502 2542 caussa,
1522 2482 1652 2546 *quod-
1670 2472 1960 2543 summaarte
1979 2482 2202 2537 rhetorica

242 2568 289 2611 in
309 2546 845 2613 orationibussscribendis
869 2565 1094 2611 uteretur,
1125 2571 1271 2616 neque
1294 2556 1538 2615 quidquam
1559 2558 1779 2614 intactum
1797 2560 2091 2618 relinquere&
2113 2572 2201 2616 quo

243 2644 325 2687 sibi
355 2622 612 2698 auditorum
644 2650 878 2678 assensum·
899 2635 1182 2690 conciliaret,
1214 2643 1257 2679 et
1274 2634 1443 2700 judices
1463 2636 1513 2680 in
1533 2650 1667 2699 quam
1690 2637 1827 2682 vellet
1845 2644 2019 2695 partem
2038 2650 2203 2681 move-

2115 2720 2200 2766 ret,
