2387 3151
999 54 1337 103 -15—

201 201 294 246 est,
324 190 458 235 hodie
487 191 695 251 ignotum
703 218 720 240 ,
745 185 1004 245 Dfflymum
1020 182 1254 245 fortasse,
1285 184 1418 243 cujus
1431 176 1752 228 commentarii
1769 182 1820 226 in
1839 182 2019 226 Isaeum
2036 181 2144 224 lau·

200 269 375 313 dantur
399 266 463 311 αὖ
476 265 849 324 ‘Harpocratem
875 264 1204 321 in‘yupniloec
1255 261 1429 306 Verum
1462 251 1717 320 quicunque
1740 260 1867 304 iliam
1893 258 2145 302 orationem

200 345 382 400 habuit,
420 354 483 388 ex
510 342 564 387 iis
598 347 683 398 est,
723 341 884 397 quibus
906 339 1150 384 scribendis
1171 339 1322 382 Isaeus
1347 339 1593 382 maximam
1619 338 1886 382 industriam
1912 342 2145 389 artemque

201 419 424 477 adhibuit,
459 432 518 463 ex
534 412 920 475 zdyotesznpcaeoik,
951 416 1078 472 cujus
1092 414 1270 472 generis
1291 414 1570 458 etiamnunc
1586 414 1756 471 aliquot
1776 420 1980 464 exstant3
2010 419 2143 465 atque

200 499 269 540 his
286 498 349 540 ita
368 496 578 539 excelluit
595 496 747 536 Isaeus
758 527 771 548 ,
799 501 850 535 ut
861 527 874 548 ,
902 505 1177 549 quamquam
1194 492 1328 534 etiam
1349 490 1459 534 alios
1475 489 1695 546 judicialis
1710 488 1885 546 generis
1902 501 2145 545 composu-

200 583 318 626 erat,
357 564 549 629 quaein
578 562 822 629 deperditis
840 576 975 633 sunt,
1011 568 1098 613 hoc
1122 573 1219 613 uno
1229 566 1335 612 fere
1352 567 1538 612 nomine
1556 566 1611 611 ab
1632 564 1826 623 antiquis
1842 561 2147 624 grammaticis

199 658 246 696 et
265 647 592 708 lexicographis
606 648 918 692 celebraretur.
1139 696 1147 702 ,

337 728 363 769 J
367 741 440 770 am
469 740 583 768 vero
609 724 647 767 si
676 723 791 767 lsaei
822 722 998 765 dicendi
1025 728 1169 780 genus
1195 732 1240 769 et
1253 723 1446 767 virtutes
1465 721 1685 766 oratorias
1700 728 1974 781 spectamus,
2002 732 2143 776 quum

200 816 266 857 ea,
293 817 407 860 quae
425 801 657 857 Longinus
674 800 964 854 disseruerat,
983 800 1257 853 interierint,
1287 807 1471 858 praeter
1486 800 1827 856 Hermogenem
1846 798 1948 841 loco
1959 831 1973 854 ‚
2004 806 2143 852 quem

199 895 337 939 supra
363 878 567 932 laudavi,
606 874 830 934 imprimis
854 872 1102 919 audiendus
1120 883 1184 920 est
1199 876 1447 935 Dionysius
1464 873 1897 931 Halicarnassensis,
1926 872 2005 930 qui
2022 871 2145 913 huno

200 957 351 1001 locum
379 970 458 1011 eo,
500 966 633 1012 quem
664 965 794 1009 saepe
822 952 1199 1008 commemoravi,
1236 952 1390 997 libello
1416 966 1552 1011 quam
1573 952 1898 997 accuratissime
1923 947 2143 993 tractavit.

201 1033 274 1078 Ac
300 1031 500 1091 primum
529 1028 713 1087 quidem
737 1029 843 1074 huic
868 1029 1050 1074 videtur
1073 1029 1224 1073 Isaeus
1251 1029 1302 1072 in
1329 1031 1456 1075 tenui
1480 1031 1584 1088 illo,
1622 1045 1764 1091 puro,
1792 1028 2005 1089 proprio,
2037 1039 2145 1084 per-

202 1109 358 1167 spicuo
391 1107 613 1162 simulque
641 1106 841 1150 rotundo
866 1114 910 1150 et
939 1118 1182 1150 numeroso
1211 1106 1388 1151 dicendi
1410 1122 1600 1166 genere,
1636 1105 1756 1164 quod
1780 1119 1918 1164 supra
1946 1103 2145 1147 diximus

201 1187 377 1228 Isaeum
405 1183 601 1242 primum
626 1182 682 1225 de
709 1182 931 1226 industria
962 1190 1179 1227 sectatum
1211 1198 1328 1239 esse,
1372 1191 1460 1227 tam
1486 1200 1630 1243 prope
1647 1199 1673 1226 a
1693 1182 1830 1242 Lysia
1852 1188 2143 1240 praeceptore

203 1265 379 1315 abesse,
416 1269 490 1315 ut,
530 1260 616 1303 nisi
646 1260 744 1316 quis
777 1259 1010 1315 utriusque
1045 1261 1236 1303 oratoris
1266 1260 1563 1317 peritissimus
1601 1262 1684 1319 sit,
1726 1274 1886 1304 eorum
1920 1257 2145 1302 orationes

202 1339 284 1382 vix
321 1337 588 1394 distinguere
622 1336 774 1394 possit.
838 1335 989 1379 Affert
1032 1343 1184 1379 tamen
1232 1336 1403 1394 aliquas
1430 1338 1651 1393 rationes,
1699 1337 1861 1395 quibus
1900 1334 2142 1380 arbitretur

202 1415 391 1472 Lysiam
414 1414 469 1456 ab
482 1413 614 1456 *Isaeo
632 1413 837 1456 relictum
860 1428 977 1466 esse,
1008 1413 1128 1468 quod
1159 1413 1324 1456 scilicet
1343 1413 1461 1472 apud
1478 1415 1600 1457 hunc
1617 1429 1771 1458 rerum
1792 1423 1838 1457 et
1853 1418 2144 1471 argumento-

202 1505 306 1535 rum
335 1490 509 1532 divisio·
525 1497 570 1533 et
589 1477 876 1548 pertractatio
901 1489 1143 1548 sapientius
1168 1503 1304 1546 quam
1330 1490 1450 1547 apud
1466 1490 1652 1547 Lysiam
1668 1491 1727 1534 sit
1741 1490 1957 1534 instituta.
2016 1489 2142 1532 Ean-

203 1567 307 1611 dem
339 1565 459 1625 apud
490 1565 684 1624 Lysiam
708 1573 1077 1623 argumentorum
1120 1566 1511 1624 perturbationem
1555 1583 1614 1612 ex
1654 1568 1843 1614 Platone
1884 1564 2146 1625 perstringit

203 1645 375 1687 Fronto
388 1642 443 1684 de
453 1642 679 1685 Laudibus
690 1642 825 1685 Fumi
844 1642 1102 1685 etPulveris
1116 1654 1161 1699 p.
1174 1643 1270 1684 364.
1292 1645 1486 1701 exempl.
1497 1644 1688 1687 Mediol.
1716 1644 1898 1688 Deinde
1913 1657 2024 1685 vero
2036 1657 2145 1684 cen·-

206 1727 274 1761 set
293 1717 564 1775 Dionysius,
604 1705 745 1773 quum
762 1718 929 1775 Lysiae
948 1718 1091 1759 oratio
1112 1717 1172 1759 sit:
1197 1719 1438 1774 moratior,
1470 1720 1740 1778 simplicior,
1775 1720 1924 1763 minus
1952 1717 2145 1774 figurata

206 1804 250 1839 et
267 1795 503 1847 naturalis,
531 1794 760 1838 suavitatis
778 1808 889 1836 vero
907 1800 952 1836 et
969 1793 1140 1849 gratiae
1160 1793 1318 1851 plena,
1347 1795 1465 1840 Isaei
1484 1811 1578 1840 esse
1596 1796 1980 1850 artificiosiorem,
2009 1809 2144 1838 orna-

205 1871 391 1927 tiorem,
416 1869 763 1923 accuratiorem,
790 1868 942 1913 minus
967 1868 1246 1925 naturalem,
1273 1871 1412 1914 variis
1431 1871 1684 1917 distinctam
1700 1871 1936 1916 schematis
1957 1880 2001 1916 et
2020 1878 2144 1915 tanta

205 1948 446 2008 gravitate,
479 1955 535 1989 ut·
549 1961 657 1990 vere
676 1945 777 1990 fons
796 1946 885 1990 dici
910 1945 1072 2006 possit,
1102 1945 1225 1990 unde
1240 1947 1321 1992 illa
1335 1948 1404 1993 vis
1419 1947 1769 1994 Demosthenica
1792 1943 2144 2010 promanaverit.

206 2027 434 2084 Atque'ut
452 2014 704 2068 discrimina
721 2024 798 2069 illa
814 2025 1055 2070 constituta
1077 2025 1218 2084 magis
1237 2033 1509 2086 appareant,
1539 2035 1770 2087 comparat
1787 2027 1952 2086 Lysiae
1972 2026 2144 2071 oratio-

206 2115 288 2147 nes
303 2113 407 2146 cum
424 2100 615 2159 picturis
629 2100 844 2158 antiquis,
869 2115 998 2158 'quae
1009 2120 1014 2123 -
1026 2100 1154 2146 lineis
1176 2109 1353 2148 tantum
1382 2102 1739 2148 artificiosissime
1755 2112 1802 2148 et
1817 2103 2144 2149 accuratissime

207 2178 452 2235 descriptae
480 2177 685 2220 colorum
715 2178 913 2222 misturis
944 2187 989 2223 et
1014 2178 1230 2223 varietate
1254 2188 1462 2234 careant3
1492 2180 1605 2224 lsaei
1621 2188 1776 2224 contra
1795 2179 2021 2225 orationes
2040 2179 2147 2223 dicit

206 2255 369 2300 similes
396 2254 581 2314 picturis
609 2254 733 2298 omni
757 2270 865 2299 cura
893 2263 936 2298 et
959 2253 1188 2313 diligentia
1207 2256 1446 2316 confectis,
1474 2257 1524 2300 in
1542 2257 1702 2316 quibus
1725 2264 1770 2301 et
1789 2257 1995 2301 colorum
2017 2256 2145 2299 vari—

206 2343 299 2378 etas
326 2341 372 2377 et
398 2333 571 2376 lumina
598 2339 644 2376 et
672 2334 834 2377 umbra
861 2347 1041 2376 summa
1067 2347 1172 2376 cum
1200 2340 1297 2377 arte
1322 2333 1477 2379 effecta
1503 2338 1605 2379 sint.
1665 2333 1803 2391 Quod
1824 2332 2007 2390 quidem
2025 2333 2146 2377 Dio-

204 2411 324 2469 nysii
342 2410 398 2453 de
414 2410 554 2467 Lysia
570 2409 786 2465 juditium
804 2426 864 2454 ne
879 2407 1001 2454 forte
1012 2443 1026 2466 ,
1063 2410 1108 2453 si'
1121 2410 1364 2454 contuleris
1382 2427 1485 2455 cum
1502 2411 1655 2456 Tullio
1666 2445 1679 2468 ,
1709 2411 1787 2469 qui
1803 2410 1990 2470 Lysiam
2011 2411 2144 2456 Orat.

206 2487 291 2541 lx,
313 2490 383 2531 29.
413 2486 777 2531 venustim‘rman
795 2487 1062 2545 scriptorem
1081 2496 1126 2532 et
1142 2488 1472 2547 politissimum
1492 2498 1537 2535 et
1556 2489 1611 2533 de
1623 2489 1749 2533 Orat.
1759 2488 1810 2546 I.,
1831 2488 1915 2545 54„
1935 2493 1978 2533 2.
1999 2488 2146 2532 diser-

207 2564 435 2609 tissimum
454 2571 679 2608 oratorem
705 2562 812 2609 dicit
823 2580 848 2622 ,·
876 2559 1071 2611 insolens
1089 2564 1313 2611 videatur.
1373 2565 1530 2624 Quum
1549 2566 1672 2611 enim
1692 2565 1849 2612 Cicero
1868 2579 1971 2610 eum
1989 2565 2145 2626 priore

205 2643 307 2684 loco
335 2642 482 2684 etiam'
503 2649 676 2684 tenuem
705 2640 837 2699 atque
869 2643 1135 2686 inornatum
1155 2644 1373 2703 appellet,
1401 2643 1567 2701 judicia
1588 2645 1668 2688 ina
1683 2644 1942 2702 neutiquam
1960 2644 2080 2688 inter
2098 2661 2147 2689 se
